@inproceedings{Haythorpe2010FindingHC,
  title={Finding Hamiltonian cycles using an interior point method},
  author={Michael Haythorpe},
  year={2010},
  url={https://api.semanticscholar.org/CorpusID:54031064}
}

@article{Ejov2008DeterminantsAL,
  title={Determinants and Longest Cycles of Graphs},
  author={Vladimir Ejov and Jerzy A. Filar and Walter Murray and Giang T. Nguyen},
  journal={SIAM J. Discret. Math.},
  year={2008},
  volume={22},
  pages={1215-1225},
  url={https://api.semanticscholar.org/CorpusID:45868064}
}

@article{Ejov2006SOLVINGTH,
  title={SOLVING THE HAMILTONIAN CYCLE PROBLEM USING SYMBOLIC DETERMINANTS},
  author={Vladimir Ejov and Jerzy A. Filar and Stephen K. Lucas and Joel L Nelson},
  journal={Taiwanese Journal of Mathematics},
  year={2006},
  volume={10},
  pages={327-338},
  url={https://api.semanticscholar.org/CorpusID:116986778}
}

@article{Plotnikov2001ALM,
  title={A logical model of HCP},
  author={Anatoly D. Plotnikov},
  journal={International Journal of Mathematics and Mathematical Sciences},
  year={2001},
  volume={26},
  pages={679-684},
  url={https://api.semanticscholar.org/CorpusID:40124713}
}

@article{Ejov2009ConsistentBO,
  title={Consistent behavior of certain perturbed determinants induced by graphs},
  author={Vladimir Ejov and Giang T. Nguyen},
  journal={Linear Algebra and its Applications},
  year={2009},
  volume={431},
  pages={543-552},
  url={https://api.semanticscholar.org/CorpusID:119757651}
}

@inproceedings{Haythorpe2013MarkovCB,
  title={Markov Chain Based Algorithms for the Hamiltonian Cycle Problem},
  author={Michael Haythorpe},
  year={2013},
  url={https://api.semanticscholar.org/CorpusID:125575734}
}

@article{Filar2007ControlledMC,
  title={Controlled Markov Chains, Graphs, and Hamiltonicity},
  author={Jerzy A. Filar},
  journal={Found. Trends Stoch. Syst.},
  year={2007},
  volume={1},
  pages={77-162},
  url={https://api.semanticscholar.org/CorpusID:55859338}
}

@inproceedings{Du2022AlphaSnakePI,
  title={AlphaSnake: Policy Iteration on a Nondeterministic NP-hard Markov Decision Process},
  author={Kevin Du and Ian M. Gemp and Yi Wu and Yingying Wu},
  booktitle={AAAI Conference on Artificial Intelligence},
  year={2022},
  url={https://api.semanticscholar.org/CorpusID:253581358}
}

@article{Barik2015ONTL,
  title={ON THE LAPLACIAN SPECTRA OF PRODUCT GRAPHS},
  author={Sasmita Barik and Ravindra B. Bapat and Sukanta Pati},
  journal={Applicable Analysis and Discrete Mathematics},
  year={2015},
  volume={9},
  pages={39-58},
  url={https://api.semanticscholar.org/CorpusID:59418620}
}

@article{NumFactors1994,
author = {Bodroža-Pantić, Olga and Tošić, Ratko},
year = {1994},
month = {01},
pages = {23-33},
title = {On the number of 2-factors in rectangular lattice graphs},
volume = {56},
journal = {Publications de l’Institut Mathématique. Nouvelle Série}
}

@inproceedings{Umans1996AnAF,
  title={An Algorithm for Finding Hamiltonian Cycles in Grid Graphs Without Holes},
  author={Christopher Umans},
  year={1996},
  url={https://api.semanticscholar.org/CorpusID:117785391}
}

@article{IAPCSzJ1982,
author = {Itai, Alon and Papadimitriou, Christos and Szwarcfiter, Jayme},
year = {1982},
month = {11},
pages = {676-686},
title = {Hamilton Paths in Grid Graphs},
volume = {11},
journal = {SIAM J. Comput.},
doi = {10.1137/0211056}
}